

@article{Phong,
	title={Illumination for computer generated pictures},
  	author={Phong, Bui Tuong},
  	journal={Communications of the ACM},
  	volume={18},
  	number={6},
  	pages={311--317},
  	year={1975},
  	publisher={ACM}
  }